<?xml version="1.0" encoding="UTF-8"?>
<SOAP-ENV:Envelope xmlns:SOAP-ENV="http://schemas.xmlsoap.org/soap/envelope/" xmlns:mx="http://www.loc.gov/MARC21/slim" xmlns:of="http://oss.dbc.dk/ns/openformat"><SOAP-ENV:Body><of:formatResponse><marc21><mx:record format="MARC21" type="Bibliographic"><mx:leader>00000nmm a22000000c 4500</mx:leader><mx:controlfield tag="007">co||g|||||||</mx:controlfield><mx:controlfield tag="008">110627s2011    xx ||||  ||g| ||||||eng|d</mx:controlfield><mx:datafield ind1="8" ind2=" " tag="024"><mx:subfield code="a">0093155142626</mx:subfield></mx:datafield><mx:datafield ind1="1" ind2=" " tag="029"><mx:subfield code="a">DKDLA</mx:subfield><mx:subfield code="b">870970-basis:28849591</mx:subfield></mx:datafield><mx:datafield ind1=" " ind2=" " tag="040"><mx:subfield code="a">DKDLA</mx:subfield><mx:subfield code="b">dan</mx:subfield><mx:subfield code="c">DKDLA</mx:subfield></mx:datafield><mx:datafield ind1="0" ind2=" " tag="041"><mx:subfield code="a">eng</mx:subfield><mx:subfield code="b">dan</mx:subfield><mx:subfield code="b">nor</mx:subfield><mx:subfield code="b">swe</mx:subfield><mx:subfield code="b">fin</mx:subfield></mx:datafield><mx:datafield ind1=" " ind2=" " tag="049"><mx:subfield code="a">DK-190101</mx:subfield></mx:datafield><mx:datafield ind1=" " ind2=" " tag="084"><mx:subfield code="a">79.41</mx:subfield><mx:subfield code="2">z</mx:subfield></mx:datafield><mx:datafield ind1="0" ind2="0" tag="245"><mx:subfield code="a">Brink /</mx:subfield><mx:subfield code="c">developed by Splash Damage</mx:subfield></mx:datafield><mx:datafield ind1=" " ind2=" " tag="250"><mx:subfield code="a">Special edition</mx:subfield></mx:datafield><mx:datafield ind1=" " ind2=" " tag="260"><mx:subfield code="a">[S.l.] :</mx:subfield><mx:subfield code="b">Bethesda Software,</mx:subfield><mx:subfield code="c">2011</mx:subfield></mx:datafield><mx:datafield ind1=" " ind2=" " tag="300"><mx:subfield code="a">1 blu-ray disc (blu-ray) (playstation 3) :</mx:subfield><mx:subfield code="b">lyd, farve +</mx:subfield><mx:subfield code="e">1 vejledning</mx:subfield></mx:datafield><mx:datafield ind1=" " ind2=" " tag="500"><mx:subfield code="a">Spil for 1 spiller</mx:subfield></mx:datafield><mx:datafield ind1=" " ind2=" " tag="500"><mx:subfield code="a">Titlen hentet fra disc-etiketten</mx:subfield></mx:datafield><mx:datafield ind1=" " ind2=" " tag="500"><mx:subfield code="a">Vejledning: Engelsk tekst med quickstart på dansk, norsk, svensk og finsk</mx:subfield></mx:datafield><mx:datafield ind1="8" ind2=" " tag="520"><mx:subfield code="a">Shooter. Menneskehedens fremtid ser sort ud i Brink. Jorden er oversvømmet og eneste tilflugtssted er det flydende samfund The Ark. Men her er der udbrudt borgerkrig og militære sikkerhedsstyrker og oprørere kæmper i gaderne om kontrol over byen. Spilleren kan skabe sin egen karakter og deltage i online kampene eller spille alene mod computeren. Med animationer og videoklip</mx:subfield></mx:datafield><mx:datafield ind1="8" ind2=" " tag="521"><mx:subfield code="a">PEGI-mærkning: 16</mx:subfield></mx:datafield><mx:datafield ind1="8" ind2=" " tag="521"><mx:subfield code="a">Fra 12 år</mx:subfield></mx:datafield><mx:datafield ind1=" " ind2=" " tag="538"><mx:subfield code="a">Afspilningsudstyr Sony playstation 3; understøtter vibrationsfunktion. - Med multiplayerfunktion</mx:subfield></mx:datafield><mx:datafield ind1=" " ind2="4" tag="655"><mx:subfield code="a">computerspil</mx:subfield></mx:datafield><mx:datafield ind1=" " ind2="4" tag="655"><mx:subfield code="a">shooters</mx:subfield></mx:datafield><mx:datafield ind1="2" ind2=" " tag="710"><mx:subfield code="a">Splash Damage</mx:subfield></mx:datafield><mx:datafield ind1=" " ind2=" " tag="901"><mx:subfield code="a">794</mx:subfield></mx:datafield></mx:record><hs activity="insert">DKDLA</hs><hasLHR>false</hasLHR></marc21></of:formatResponse></SOAP-ENV:Body></SOAP-ENV:Envelope>
